<record><leader>00000cas a2200000 a 4500</leader><controlfield tag="001">9900619</controlfield><controlfield tag="008">830912d18251828inuwr ne      0    0eng c</controlfield><controlfield tag="009">148</controlfield><datafield ind1=" " ind2=" " tag="010"><subfield code="a">sn 86059056 </subfield></datafield><datafield ind1=" " ind2=" " tag="040"><subfield code="a">NYG</subfield><subfield code="b">eng</subfield><subfield code="c">NYG</subfield><subfield code="d">NPI</subfield><subfield code="d">ANU</subfield><subfield code="d">KNP</subfield><subfield code="d">CNK</subfield><subfield code="d">NVF</subfield><subfield code="d">OCL</subfield><subfield code="d">CVF</subfield><subfield code="d">IUL</subfield><subfield code="d">NYS</subfield><subfield code="d">OCLCG</subfield><subfield code="d">GUA</subfield><subfield code="d">OCLCG</subfield><subfield code="d">IUL</subfield><subfield code="d">DLC</subfield><subfield code="d">OCLCF</subfield></datafield><datafield ind1="1" ind2=" " tag="029"><subfield code="a">AU@</subfield><subfield code="b">000004990944</subfield></datafield><datafield ind1=" " ind2=" " tag="042"><subfield code="a">pcc</subfield></datafield><datafield ind1=" " ind2=" " tag="043"><subfield code="a">n-us-in</subfield></datafield><datafield ind1=" " ind2="4" tag="050"><subfield code="a">HX696</subfield><subfield code="b">.O824</subfield></datafield><datafield ind1="0" ind2="4" tag="245"><subfield code="a">The New-Harmony gazette.</subfield></datafield><datafield ind1=" " ind2=" " tag="260"><subfield code="a">New-Harmony, Ind. :</subfield><subfield code="b">[s.n.],</subfield><subfield code="c">1825-1828.</subfield></datafield><datafield ind1=" " ind2=" " tag="300"><subfield code="a">3 v. ;</subfield><subfield code="c">29 cm.</subfield></datafield><datafield ind1=" " ind2=" " tag="310"><subfield code="a">Weekly</subfield></datafield><datafield ind1="0" ind2=" " tag="362"><subfield code="a">Vol. 1, no. 1 (Oct. 1, 1825)-v. 3, no. 52 (Oct. 22, 1828).</subfield></datafield><datafield ind1=" " ind2=" " tag="500"><subfield code="a">Editors: Oct. 1-Dec. 14, 1825, William Owen, R.L. Jennings; Dec. 21 1825-Feb. 1826, R.L. Jennings; Mar.-Aug.? 1826, William Pelham; Oct. 1926-May 9, 1827, R.D. Owen; May 16-1827-Mar. 5, 1828, William Owen; June 18-Oct. 16, 1828, Frances Wright, William Owen.</subfield></datafield><datafield ind1=" " ind2=" " tag="515"><subfield code="a">Issues for Oct. 4, 1826-Oct. 22, 1828 called also whole no. 53-156.</subfield></datafield><datafield ind1=" " ind2=" " tag="580"><subfield code="a">Split into: Free enquirer (New York, N.Y.); and: New-Harmony and Nashoba gazette, or, The free enquirer.</subfield></datafield><datafield ind1=" " ind2="0" tag="651"><subfield code="a">New Harmony (Ind.)</subfield><subfield code="v">Newspapers.</subfield></datafield><datafield ind1=" " ind2="0" tag="651"><subfield code="a">Posey County (Ind.)</subfield><subfield code="v">Newspapers.</subfield></datafield><datafield ind1=" " ind2="7" tag="655"><subfield code="a">Newspapers.</subfield><subfield code="2">fast</subfield><subfield code="0">(OCoLC)fst01423814</subfield></datafield><datafield ind1=" " ind2="7" tag="651"><subfield code="a">Indiana</subfield><subfield code="z">New Harmony.</subfield><subfield code="2">fast</subfield><subfield code="0">(OCoLC)fst01208248</subfield></datafield><datafield ind1=" " ind2="7" tag="651"><subfield code="a">Indiana</subfield><subfield code="z">Posey County.</subfield><subfield code="2">fast</subfield><subfield code="0">(OCoLC)fst01206935</subfield></datafield><datafield ind1="1" ind2=" " tag="700"><subfield code="a">Owen, William,</subfield><subfield code="d">1802-1842.</subfield></datafield><datafield ind1="1" ind2=" " tag="700"><subfield code="a">Pelham, William,</subfield><subfield code="d">1759-1827.</subfield></datafield><datafield ind1="1" ind2=" " tag="700"><subfield code="a">Owen, Robert Dale,</subfield><subfield code="d">1801-1877.</subfield></datafield><datafield ind1="1" ind2=" " tag="700"><subfield code="a">Wright, Frances,</subfield><subfield code="d">1795-1852.</subfield></datafield><datafield ind1=" " ind2=" " tag="752"><subfield code="a">United States</subfield><subfield code="b">Indiana</subfield><subfield code="c">Posey</subfield><subfield code="d">New Harmony.</subfield></datafield><datafield ind1="0" ind2="8" tag="776"><subfield code="i">Online version :</subfield><subfield code="t">New-Harmony gazette (Online)</subfield><subfield code="w">(DLC)  2008266527</subfield><subfield code="w">(OCoLC)64388022</subfield></datafield><datafield ind1="1" ind2="6" tag="785"><subfield code="t">Free enquirer (New York, N.Y.)</subfield><subfield code="x">2160-9012</subfield><subfield code="w">(DLC)sn 86059055</subfield><subfield code="w">(OCoLC)9900650</subfield></datafield><datafield ind1="1" ind2="6" tag="785"><subfield code="t">New-Harmony and Nashoba gazette, or, The free enquirer</subfield><subfield code="w">(DLC)sn 86058857</subfield><subfield code="w">(OCoLC)14563197</subfield></datafield><datafield ind1="4" ind2="1" tag="856"><subfield code="u">http://proquest.umi.com/pqdweb</subfield></datafield></record>